<record><leader>00000cas a22000007a 4500</leader><controlfield tag="001">13858871</controlfield><controlfield tag="008">860711d18871888inudn ne      0    0eng d</controlfield><datafield ind1=" " ind2=" " tag="010"><subfield code="a">sn 86058668 </subfield></datafield><datafield ind1=" " ind2=" " tag="040"><subfield code="a">NPI</subfield><subfield code="b">eng</subfield><subfield code="c">NPI</subfield><subfield code="d">OCLCQ</subfield></datafield><datafield ind1=" " ind2=" " tag="042"><subfield code="a">msc</subfield></datafield><datafield ind1="0" ind2=" " tag="130"><subfield code="a">Daily ledger (Noblesville, Ind.)</subfield></datafield><datafield ind1="1" ind2="4" tag="245"><subfield code="a">The daily ledger.</subfield></datafield><datafield ind1=" " ind2=" " tag="260"><subfield code="a">Noblesville, Ind. :</subfield><subfield code="b">Bush &amp; Houx</subfield></datafield><datafield ind1=" " ind2=" " tag="300"><subfield code="a">v.</subfield></datafield><datafield ind1=" " ind2=" " tag="310"><subfield code="a">Daily (except Sun.)</subfield></datafield><datafield ind1="1" ind2=" " tag="362"><subfield code="a">Began in Sept. 1887.</subfield><subfield code="z">Cf. Miller, John W. Indiana newspaper bibliog.</subfield></datafield><datafield ind1="1" ind2=" " tag="362"><subfield code="a">Seems to have ceased in late 1888.</subfield></datafield><datafield ind1=" " ind2=" " tag="500"><subfield code="a">Republican Cf. Miller.</subfield></datafield><datafield ind1=" " ind2=" " tag="580"><subfield code="a">Published also in a weekly edition called: Hamilton County ledger.</subfield></datafield><datafield ind1=" " ind2=" " tag="588"><subfield code="a">Description based on: Vol. 1, no. 18 (Sept. 24, 1887).</subfield></datafield><datafield ind1=" " ind2=" " tag="752"><subfield code="a">United States</subfield><subfield code="b">Indiana</subfield><subfield code="c">Hamilton</subfield><subfield code="d">Noblesville.</subfield></datafield><datafield ind1="1" ind2=" " tag="775"><subfield code="t">Hamilton County ledger</subfield><subfield code="w">(DLC)sn 86058669</subfield></datafield><datafield ind1="0" ind2="0" tag="785"><subfield code="t">Noblesville daily ledger</subfield><subfield code="w">(DLC)sn 86058670</subfield></datafield><datafield ind1="1" ind2=" " tag="029"><subfield code="a">AU@</subfield><subfield code="b">000025805151</subfield></datafield></record>